@misc{acrobat,
  key = "acrobat",
  title = {{Adobe Acrobat Reader 7}},
   note = {\url{http://www.adobe.com/products/acrobat/}}
}

@misc(facebook_stat_wiki,
key="wikipedia_stats",
title = {{Facebook statistics}},
note={\url{http://en.wikipedia.org/wiki/Facebook_statistics}}
}

@misc(facebook_wiki,
key="wikipedia_facebook",
title = {{Facebook}},
note={\url{http://en.wikipedia.org/wiki/Facebook}}
}

@misc(wai-aria,
key="wai-aria",
title = {{Web Accessibility Initiative - Accessible Rich Internet Applications}},
note={\url{http://en.wikipedia.org/wiki/Web_Accessibility_Initiative#Accessible_Rich_Internet_Applications_.28WAI-ARIA.29}}
}

@misc{sociallyaware,
key="timespent_on_socialmedia",
title={{Infographic: The Growing Impact of Social Media}},
author={Delaney, John and Salminen, Nathan and Lee, Eunice},
note={\url{http://www.sociallyawareblog.com/2012/11/21/time-americans-spend-per-month-on-social-media-sites/}}
}

@article{taptapsee,
key="taptapsee",
title={TapTapSee Camera App for Visually Impaired},
author={Weiss, Thomas C.},
journal={Disabled World},
note={\url{http://www.disabled-world.com/assistivedevices/apps/taptapsee.php}},
year = 2013,
month = 5,
day = 9
}

@article{ethics,
  title = {{Social Impacts of Computing: Codes of Professional Ethics}},
  author = {Ronald E. Anderson},
  doi = "10.1177/089443939201000402",
  journal = "Social Science Computer Review December",
  year = 1992,
  volume = 10,
  number = 4,
  pages = "453-469"
}

@misc{acm_categories,
  key = "association",
  title = {{How to Classify Works Using ACM's Computing Classification System}},
  note = {\url{http://www.acm.org/class/how_to_use.html}},
},

@inproceedings{Klemmer:2002:WSC:503376.503378,
 author = {Klemmer, Scott R. and Thomsen, Michael and Phelps-Goodman, Ethan and Lee, Robert and Landay, James A.},
 title = {Where do web sites come from?: capturing and interacting with design history},
 booktitle = {Proc. CHI 2002},
 year = {2002},
 pages = {1--8},
 publisher = {ACM Press},
} 

@inproceedings{Mather:2000:MUT,
  title = {Making up titles for conference papers},
  author = {Mather, B. D.},
  booktitle = {Ext. Abstracts CHI 2000},
  year = 2000,
  publisher = "ACM Press",
  pages = "1-2",
}

@book{Schwartz:1995:GBF,
  title = {{Guidelines for Bias-Free Writing}},
  author = {Schwartz, Marilyn},
  publisher = {Indiana University Press},
  location = {Bloomington, IN, USA},
  year = 1995,
}

@inproceedings{Zellweger:2001:FAO:504216.504224,
 author = {Zellweger, Polle T. and Bouvin, Niels Olof and Jeh{\o}j, Henning and Mackinlay, Jock D.},
 title = {Fluid annotations in an open world},
 booktitle = {Proc. Hypertext 2001},
 year = {2001},
 pages = {9--18},
 publisher = {ACM Press},
} 

@inproceedings{brady2013cscw,
 author = {Brady, Erin L. and Zhong, Yu and Morris, Meredith Ringel and Bigham, Jeffrey P.},
 title = {Investigating the appropriateness of social network question asking as a resource for blind users},
 booktitle = {Proceedings of the 2013 conference on Computer supported cooperative work},
 series = {CSCW '13},
 year = {2013},
 isbn = {978-1-4503-1331-5},
 location = {San Antonio, Texas, USA},
 pages = {1225--1236},
 numpages = {12},
 url = {http://doi.acm.org/10.1145/2441776.2441915},
 doi = {10.1145/2441776.2441915},
 acmid = {2441915},
 publisher = {ACM},
 address = {New York, NY, USA},
 keywords = {blind users, friendsourcing, q\&\#38;a, social networks, visual impairment},
} 

@inproceedings{brady2013chi,
 author = {Brady, Erin and Morris, Meredith Ringel and Zhong, Yu and White, Samuel and Bigham, Jeffrey P.},
 title = {Visual challenges in the everyday lives of blind people},
 booktitle = {Proceedings of the SIGCHI Conference on Human Factors in Computing Systems},
 series = {CHI '13},
 year = {2013},
 isbn = {978-1-4503-1899-0},
 location = {Paris, France},
 pages = {2117--2126},
 numpages = {10},
 url = {http://doi.acm.org/10.1145/2470654.2481291},
 doi = {10.1145/2470654.2481291},
 acmid = {2481291},
 publisher = {ACM},
 address = {New York, NY, USA},
 keywords = {accessibility, blind users, crowdsourcing, mobile, q\&\#38;a},
} 

@inproceedings{jayant2011,
 author = {Jayant, Chandrika and Ji, Hanjie and White, Samuel and Bigham, Jeffrey P.},
 title = {Supporting blind photography},
 booktitle = {The proceedings of the 13th international ACM SIGACCESS conference on Computers and accessibility},
 series = {ASSETS '11},
 year = {2011},
 isbn = {978-1-4503-0920-2},
 location = {Dundee, Scotland, UK},
 pages = {203--210},
 numpages = {8},
 url = {http://doi.acm.org/10.1145/2049536.2049573},
 doi = {10.1145/2049536.2049573},
 acmid = {2049573},
 publisher = {ACM},
 address = {New York, NY, USA},
 keywords = {blind, camera, photography, visually impaired},
} 

@inproceedings{wentz2011,
 author = {Wentz, Brian and Lazar, Jonathan},
 title = {Are separate interfaces inherently unequal?: an evaluation with blind users of the usability of two interfaces for a social networking platform},
 booktitle = {Proceedings of the 2011 iConference},
 series = {iConference '11},
 year = {2011},
 isbn = {978-1-4503-0121-3},
 location = {Seattle, Washington},
 pages = {91--97},
 numpages = {7},
 url = {http://doi.acm.org/10.1145/1940761.1940774},
 doi = {10.1145/1940761.1940774},
 acmid = {1940774},
 publisher = {ACM},
 address = {New York, NY, USA},
 keywords = {Facebook, Facebook mobile, blind, human-computer interaction, screen reader, social networking, universal usability, usability, visual impairment},
} 

@INPROCEEDINGS{kleinberg2004,
    author = {Jon Kleinberg},
    title = {Temporal Dynamics of On-Line Information Streams},
    booktitle = {Data Stream Management: Processing High-speed Data},
   editor = {Garofalakis, M and Gehrke, J. and Rastogi, R},
    year = {2004},
    publisher = {Springer}
}

@inproceedings{paul2011,
  added-at = {2012-01-04T00:00:00.000+0100},
  author = {Paul, Sharoda A. and Hong, Lichan and Chi, Ed H.},
  biburl = {http://www.bibsonomy.org/bibtex/26163035b72b2381e2d22beb64e331a40/dblp},
  booktitle = {ICWSM},
  editor = {Adamic, Lada A. and Baeza-Yates, Ricardo A. and Counts, Scott},
  ee = {http://www.aaai.org/ocs/index.php/ICWSM/ICWSM11/paper/view/2813},
  interhash = {c2dafa2e3e14423adf4280489aef60b6},
  intrahash = {6163035b72b2381e2d22beb64e331a40},
  keywords = {dblp},
  publisher = {The AAAI Press},
  timestamp = {2012-01-04T00:00:00.000+0100},
  title = {Is Twitter a Good Place for Asking Questions? A Characterization Study.},
  url = {http://dblp.uni-trier.de/db/conf/icwsm/icwsm2011.html#PaulHC11},
  year = 2011
}

@inproceedings{morris2014,
  author={Morris, Meredith Ringel},
title={Social Networking Site Use by Mothers of Young Children},
booktitle = {CSCW},
year = 2014
}

@inproceedings{das2013,
author={Das, Sauvik and Kramer, Adam},
title={Self-censorship on Facebook},
booktitle={ICWSM},
year=2013
}

@artical{ugander2011,
   author = {{Ugander}, J. and {Karrer}, B. and {Backstrom}, L. and {Marlow}, C.},
    title = {The Anatomy of the Facebook Social Graph},
  journal = {ArXiv e-prints},
archivePrefix = "arXiv",
   eprint = {1111.4503},
 keywords = {Computer Science - Social and Information Networks, Physics - Physics and Society},
     year = 2011,
    month = nov,
   adsurl = {http://adsabs.harvard.edu/abs/2011arXiv1111.4503U},
  adsnote = {Provided by the SAO/NASA Astrophysics Data System}
}

@mis{FacebookTrend,
  key = "facebook_trend",
  title = {2010 Memology: Top Status Trennds of the Year},
   note = {\url{https://blog.facebook.com/blog.php?post=466369142130}}
}

@misc{tunein_wiki,
  key = "tunein_wiki",
title = {Wikipedia page about TuneIn.},
note={\url{http://en.wikipedia.org/wiki/TuneIn}}
}

@misc{facts_about_blindness,
key="facts_about_blindness",
title={Statistical Facts about Blindness in the United States (2011)},
note={\url{https://nfb.org/factsaboutblindnessintheus}}
}

@misc{who_report,
key="WHO_report",
title={World Health Organization report on :visual impairment and blindness},
note={\url{http://www.who.int/mediacentre/factsheets/fs282/en/}},
year=2012
}

@inproceedings{cavender:2010,
 author = {Cavender, Anna C. and Otero, Daniel S. and Bigham, Jeffrey P. and Ladner, Richard E.},
 title = {Asl-stem forum: enabling sign language to grow through online collaboration},
 booktitle = {Proceedings of the SIGCHI Conference on Human Factors in Computing Systems},
 series = {CHI '10},
 year = {2010},
 isbn = {978-1-60558-929-9},
 location = {Atlanta, Georgia, USA},
 pages = {2075--2078},
 numpages = {4},
 url = {http://doi.acm.org/10.1145/1753326.1753642},
 doi = {10.1145/1753326.1753642},
 acmid = {1753642},
 publisher = {ACM},
 address = {New York, NY, USA},
 keywords = {american sign language, deaf, forum, stem, video},
} 

@inproceedings{hong:2012,
 author = {Hong, Hwajung and Kim, Jennifer G. and Abowd, Gregory D. and Arriaga, Rosa I.},
 title = {Designing a social network to support the independence of young adults with autism},
 booktitle = {Proceedings of the ACM 2012 conference on Computer Supported Cooperative Work},
 series = {CSCW '12},
 year = {2012},
 isbn = {978-1-4503-1086-4},
 location = {Seattle, Washington, USA},
 pages = {627--636},
 numpages = {10},
 url = {http://doi.acm.org/10.1145/2145204.2145300},
 doi = {10.1145/2145204.2145300},
 acmid = {2145300},
 publisher = {ACM},
 address = {New York, NY, USA},
 keywords = {autism, collaborative care, independence, social network},
}

@inproceedings{burke:2010,
 author = {Burke, Moira and Kraut, Robert and Williams, Diane},
 title = {Social use of computer-mediated communication by adults on the autism spectrum},
 booktitle = {Proceedings of the 2010 ACM conference on Computer supported cooperative work},
 series = {CSCW '10},
 year = {2010},
 isbn = {978-1-60558-795-0},
 location = {Savannah, Georgia, USA},
 pages = {425--434},
 numpages = {10},
 url = {http://doi.acm.org/10.1145/1718918.1718991},
 doi = {10.1145/1718918.1718991},
 acmid = {1718991},
 publisher = {ACM},
 address = {New York, NY, USA},
 keywords = {autism spectrum disorders, computer-mediated communication, online communities, social support}
} 

@artical{weber2013,
   author = {Weber, Ingmar and Garimella, Venkata R. Kiran and Batayneh, Alaa},
    title = {Secular vs. Islamist Polarization in Egypt on Twitter},
  journal = {unpulished material},
note={\url{http://www.qcri.com/app/media/1900}},
year=2013
}

@article{tsaousides2011,
title={Familiarity and prevalence of Facebook use for social networking among individuals with traumatic brain injury},
author={Tsaousides, T and Matsuzawa, Y and Lebowitz, M},
journal={Brain Inj.},
year= 2011,
volume = 25,
  number = 12,
  pages = "1155-62"
}

@article(boyd2007,
author={boyd,danah},
title={Why Youth (Heart) Social Network Sites: The Role of Networked Publics in Teenage Social Life},
journal={MacArthur Foundation Series on Digital Learning – Youth, Identity, and Digital Media Volume},
editor={Buckingham, David},
year=2007,
publisher={Cambridge, MA: MIT Press}
}

@article{pew_seniors,
title={Report: 43\% of Seniors on Web Use Social Media},
author={  FITZGERALD, BRIAN R.},
journal={The Wall Street Journal},
year=2013,
month=8,
day=5,
note={\url{http://blogs.wsj.com/digits/2013/08/05/report-43-of-seniors-on-web-use-social-media}}
}

@INPROCEEDINGS{bigham2010,
    author = {Jeffrey P. Bigham and Rika Jayant and Hanjie Ji and Greg Little and Andrew Millerγ and Robert C. Miller and Robin Miller and Aubrey Tatarowicz and Yn White and Samuel White and Tom Yeh},
    title = {VizWiz: Nearly Real-time Answers to Visual Questions},
    booktitle = {Proceedings of UIST'10},
    year = {2010}
}

@inproceedings{burke2013,
  author    = {Moira Burke and
               Lada A. Adamic and
               Karyn Marciniak},
  title     = {Families on Facebook},
  booktitle = {ICWSM},
  year      = {2013}
  }

@inproceedings{backstrom2006,
 author = {Backstrom, Lars and Huttenlocher, Dan and Kleinberg, Jon and Lan, Xiangyang},
 title = {Group formation in large social networks: membership, growth, and evolution},
 booktitle = {Proceedings of the 12th ACM SIGKDD international conference on Knowledge discovery and data mining},
 series = {KDD '06},
 year = {2006},
 isbn = {1-59593-339-5},
 location = {Philadelphia, PA, USA},
 pages = {44--54},
 numpages = {11},
 url = {http://doi.acm.org/10.1145/1150402.1150412},
 doi = {10.1145/1150402.1150412},
 acmid = {1150412},
 publisher = {ACM},
 address = {New York, NY, USA},
 keywords = {diffusion of innovations, on-line communities, social networks},
} 

@inproceedings{romero2011,
 author = {Romero, Daniel M. and Meeder, Brendan and Kleinberg, Jon},
 title = {Differences in the mechanics of information diffusion across topics: idioms, political hashtags, and complex contagion on twitter},
 booktitle = {Proceedings of the 20th international conference on World wide web},
 series = {WWW '11},
 year = {2011},
 isbn = {978-1-4503-0632-4},
 location = {Hyderabad, India},
 pages = {695--704},
 numpages = {10},
 url = {http://doi.acm.org/10.1145/1963405.1963503},
 doi = {10.1145/1963405.1963503},
 acmid = {1963503},
 publisher = {ACM},
 address = {New York, NY, USA},
 keywords = {information diffusion, social contagion, social media},
} 

@inproceedings{wu2011,
 author = {Wu, Shaomei and Hofman, Jake M. and Mason, Winter A. and Watts, Duncan J.},
 title = {Who says what to whom on twitter},
 booktitle = {Proceedings of the 20th international conference on World wide web},
 series = {WWW '11},
 year = {2011},
 isbn = {978-1-4503-0632-4},
 location = {Hyderabad, India},
 pages = {705--714},
 numpages = {10},
 url = {http://doi.acm.org/10.1145/1963405.1963504},
 doi = {10.1145/1963405.1963504},
 acmid = {1963504},
 publisher = {ACM},
 address = {New York, NY, USA},
 keywords = {classification, communication networks, communications, information flow, twitter, two-step flow},
} 

@article{Goolsby:2010,
 author = {Goolsby, Rebecca},
 title = {Social media as crisis platform: The future of community maps/crisis maps},
 journal = {ACM Trans. Intell. Syst. Technol.},
 issue_date = {October 2010},
 volume = {1},
 number = {1},
 month = oct,
 year = {2010},
 issn = {2157-6904},
 pages = {7:1--7:11},
 articleno = {7},
 numpages = {11},
 url = {http://doi.acm.org/10.1145/1858948.1858955},
 doi = {10.1145/1858948.1858955},
 acmid = {1858955},
 publisher = {ACM},
 address = {New York, NY, USA},
 keywords = {Haiti, Mumbai, Social networking, crisis mapping, disaster management, information tools, maps, visualization},
} 

